<marcx:collection xmlns:marcx="info:lc/xmlns/marcxchange-v1"><marcx:record format="danMARC2" type="BibliographicMain"><marcx:leader>00000n    2200000   4500</marcx:leader><marcx:datafield ind1="0" ind2="0" tag="001"><marcx:subfield code="a">50175022</marcx:subfield><marcx:subfield code="b">870970</marcx:subfield><marcx:subfield code="c">19870326</marcx:subfield><marcx:subfield code="d">19741030</marcx:subfield><marcx:subfield code="f">a</marcx:subfield><marcx:subfield code="o">c</marcx:subfield></marcx:datafield><marcx:datafield ind1="0" ind2="0" tag="004"><marcx:subfield code="r">n</marcx:subfield><marcx:subfield code="a">h</marcx:subfield></marcx:datafield><marcx:datafield ind1="0" ind2="0" tag="008"><marcx:subfield code="b">dk</marcx:subfield><marcx:subfield code="v">1</marcx:subfield></marcx:datafield><marcx:datafield ind1="0" ind2="0" tag="009"><marcx:subfield code="a">a</marcx:subfield><marcx:subfield code="g">xx</marcx:subfield></marcx:datafield><marcx:datafield ind1="0" ind2="0" tag="015"><marcx:subfield code="a">00020281</marcx:subfield></marcx:datafield><marcx:datafield ind1="0" ind2="0" tag="015"><marcx:subfield code="a">05086442</marcx:subfield></marcx:datafield><marcx:datafield ind1="0" ind2="0" tag="110"><marcx:subfield code="a">Folkebibliotekernes Udenlandske Vandrebogsamling</marcx:subfield></marcx:datafield><marcx:datafield ind1="0" ind2="0" tag="245"><marcx:subfield code="a">Ti tusind titler</marcx:subfield><marcx:subfield code="c">FuV grundkatalog</marcx:subfield><marcx:subfield code="e">[Folkebibliotekernes Udenlandske Vandrebogsamling]</marcx:subfield><marcx:subfield code="f">udarbejdet af Ejgil Søholm og Jens Rꜳhauge Nielsen</marcx:subfield><marcx:subfield code="y">Tillæg</marcx:subfield></marcx:datafield><marcx:datafield ind1="0" ind2="0" tag="260"><marcx:subfield code="a">[Århus]</marcx:subfield><marcx:subfield code="b">Statsbiblioteket i Århus</marcx:subfield><marcx:subfield code="c">1973—</marcx:subfield></marcx:datafield><marcx:datafield ind1="0" ind2="0" tag="300"><marcx:subfield code="a">bind</marcx:subfield><marcx:subfield code="c">30 cm</marcx:subfield></marcx:datafield><marcx:datafield ind1="0" ind2="0" tag="652"><marcx:subfield code="m">01.688</marcx:subfield></marcx:datafield><marcx:datafield ind1="0" ind2="0" tag="745"><marcx:subfield code="A">10000 titler</marcx:subfield><marcx:subfield code="a">10 000 titler</marcx:subfield></marcx:datafield><marcx:datafield ind1="0" ind2="0" tag="910"><marcx:subfield code="a">FuV</marcx:subfield><marcx:subfield code="z">110</marcx:subfield></marcx:datafield><marcx:datafield ind1="0" ind2="0" tag="910"><marcx:subfield code="a">Statsbiblioteket</marcx:subfield><marcx:subfield code="c">Folkebibliotekernes Udenlandske Vandrebogssamling</marcx:subfield><marcx:subfield code="z">110</marcx:subfield></marcx:datafield><marcx:datafield ind1="0" ind2="0" tag="996"><marcx:subfield code="a">DBC</marcx:subfield></marcx:datafield></marcx:record>