<marcx:record format="danMARC2" type="BibliographicVolume"><marcx:leader>00000n    2200000   4500</marcx:leader><marcx:datafield ind1="0" ind2="0" tag="001"><marcx:subfield code="a">00020281</marcx:subfield><marcx:subfield code="b">870970</marcx:subfield><marcx:subfield code="c">19870326</marcx:subfield><marcx:subfield code="d">19741030</marcx:subfield><marcx:subfield code="f">a</marcx:subfield><marcx:subfield code="o">c</marcx:subfield></marcx:datafield><marcx:datafield ind1="0" ind2="0" tag="004"><marcx:subfield code="r">n</marcx:subfield><marcx:subfield code="a">b</marcx:subfield></marcx:datafield><marcx:datafield ind1="0" ind2="0" tag="008"><marcx:subfield code="t">m</marcx:subfield><marcx:subfield code="u">f</marcx:subfield><marcx:subfield code="a">1973</marcx:subfield><marcx:subfield code="l">dan</marcx:subfield><marcx:subfield code="v">1</marcx:subfield></marcx:datafield><marcx:datafield ind1="0" ind2="0" tag="011"><marcx:subfield code="a">00146609</marcx:subfield></marcx:datafield><marcx:datafield ind1="0" ind2="0" tag="014"><marcx:subfield code="a">50175022</marcx:subfield></marcx:datafield><marcx:datafield ind1="0" ind2="0" tag="021"><marcx:subfield code="a">87-7507-034-0</marcx:subfield><marcx:subfield code="d">gratis</marcx:subfield></marcx:datafield><marcx:datafield ind1="0" ind2="0" tag="032"><marcx:subfield code="a">DBR197075</marcx:subfield><marcx:subfield code="x">SFD197600</marcx:subfield><marcx:subfield code="x">OPR197651</marcx:subfield></marcx:datafield><marcx:datafield ind1="0" ind2="0" tag="245"><marcx:subfield code="g">[Bind] 1</marcx:subfield><marcx:subfield code="a">FuV supplement 1968/72</marcx:subfield><marcx:subfield code="e">udarbejdet af Judith Lund og Anders-Michael Ellegꜳrd</marcx:subfield></marcx:datafield><marcx:datafield ind1="0" ind2="0" tag="260"><marcx:subfield code="c">1973</marcx:subfield></marcx:datafield><marcx:datafield ind1="0" ind2="0" tag="300"><marcx:subfield code="a">53 sider</marcx:subfield></marcx:datafield><marcx:datafield ind1="0" ind2="0" tag="700"><marcx:subfield code="a">Lund</marcx:subfield><marcx:subfield code="h">Judith</marcx:subfield><marcx:subfield code="c">f. 1938</marcx:subfield></marcx:datafield><marcx:datafield ind1="0" ind2="0" tag="700"><marcx:subfield code="a">Ellegꜳrd</marcx:subfield><marcx:subfield code="h">Anders-Michael</marcx:subfield></marcx:datafield><marcx:datafield ind1="0" ind2="0" tag="996"><marcx:subfield code="a">DBC</marcx:subfield></marcx:datafield></marcx:record></marcx:collection>